<record><leader>00000cas a2200000 a 4500</leader><controlfield tag="001">26272667</controlfield><controlfield tag="008">920728d191u1989iluwr ne      0   a0eng c</controlfield><datafield ind1=" " ind2=" " tag="010"><subfield code="a">sn 92053286 </subfield></datafield><datafield ind1=" " ind2=" " tag="040"><subfield code="a">NVF</subfield><subfield code="b">eng</subfield><subfield code="c">NVF</subfield><subfield code="d">OCLCQ</subfield><subfield code="d">NVF</subfield><subfield code="d">CVF</subfield><subfield code="d">NVF</subfield><subfield code="d">OCLCQ</subfield><subfield code="d">OCLCF</subfield><subfield code="d">NVF</subfield><subfield code="d">OCLCO</subfield><subfield code="d">OCL</subfield></datafield><datafield ind1=" " ind2=" " tag="042"><subfield code="a">pcc</subfield></datafield><datafield ind1=" " ind2=" " tag="043"><subfield code="a">n-us-il</subfield></datafield><datafield ind1="0" ind2="0" tag="245"><subfield code="a">Spring Valley gazette.</subfield></datafield><datafield ind1=" " ind2=" " tag="260"><subfield code="a">Spring Valley, Bureau County, Ill. :</subfield><subfield code="b">Unholz Bros.,</subfield><subfield code="c">-1989.</subfield></datafield><datafield ind1=" " ind2=" " tag="300"><subfield code="a">volumes</subfield></datafield><datafield ind1=" " ind2=" " tag="310"><subfield code="a">Weekly</subfield></datafield><datafield ind1="0" ind2=" " tag="362"><subfield code="a">-v. 103, no. 18 (Apr. 27, 1989).</subfield></datafield><datafield ind1=" " ind2=" " tag="530"><subfield code="a">Preservation microfilmed by the University of Illinois at Urbana-Champaign Library as part of the United States Newspaper Program; the years 1918-1925 (on 2 microfilm reels) are available for purchase from OCLC Preservation Service Centers.</subfield></datafield><datafield ind1=" " ind2=" " tag="580"><subfield code="a">Other eds.: Valley times (Spring Valley, Ill.), &lt;1968&gt;, and: Midland gazette (Spring Valley, Ill.), 1975-1982.</subfield></datafield><datafield ind1=" " ind2=" " tag="588"><subfield code="a">Description based on: 30th year, no. 10 (Mar. 11, 1915).</subfield></datafield><datafield ind1=" " ind2="0" tag="651"><subfield code="a">Spring Valley (Bureau County, Ill.)</subfield><subfield code="v">Newspapers.</subfield></datafield><datafield ind1=" " ind2="7" tag="651"><subfield code="a">Illinois</subfield><subfield code="z">Spring Valley (Bureau County)</subfield><subfield code="2">fast</subfield><subfield code="0">(OCoLC)fst01219162</subfield></datafield><datafield ind1=" " ind2="7" tag="655"><subfield code="a">Newspapers.</subfield><subfield code="2">fast</subfield><subfield code="0">(OCoLC)fst01423814</subfield></datafield><datafield ind1=" " ind2=" " tag="752"><subfield code="a">United States</subfield><subfield code="b">Illinois</subfield><subfield code="c">Bureau County</subfield><subfield code="d">Spring Valley.</subfield></datafield><datafield ind1="1" ind2=" " tag="775"><subfield code="t">Valley times (Spring Valley, Ill.)</subfield><subfield code="w">(DLC)sn 92053284</subfield><subfield code="w">(OCoLC)26272508</subfield></datafield><datafield ind1="1" ind2=" " tag="775"><subfield code="t">Midland gazette (Spring Valley, Ill.)</subfield><subfield code="w">(DLC)sn 92053287</subfield><subfield code="w">(OCoLC)26272781</subfield></datafield><datafield ind1="0" ind2="0" tag="780"><subfield code="t">Evening gazette (Spring Valley, Ill.)</subfield><subfield code="w">(DLC)sn 92053285</subfield><subfield code="w">(OCoLC)26272583</subfield></datafield><datafield ind1="0" ind2="5" tag="780"><subfield code="t">Ladd journal</subfield><subfield code="w">(DLC)sn 92053274</subfield><subfield code="w">(OCoLC)25970578</subfield></datafield><datafield ind1="0" ind2="5" tag="780"><subfield code="t">De Pue leader</subfield><subfield code="w">(DLC)sn 93056103</subfield><subfield code="w">(OCoLC)29216717</subfield></datafield><datafield ind1="0" ind2="0" tag="785"><subfield code="t">Bureau County Republican (Princeton, Ill. : Spring Valley ed.)</subfield><subfield code="w">(DLC)sn 92053288</subfield><subfield code="w">(OCoLC)26272840</subfield></datafield><datafield ind1="1" ind2=" " tag="029"><subfield code="a">AU@</subfield><subfield code="b">000020743264</subfield></datafield></record>